@article{Akerborg:2009,
    author = {\"Orjan {\AA}kerborg and Bengt Sennblad and Lars Arvestad and Jens Lagergren},
    year = {2009},
    title = {Simultaneous {B}ayesian Gene Tree Reconstruction and Reconciliation Analysis},
    journaltitle = {PNAS},
    volume = {106},
    number = {14},
    pages = {5714--5719},
    doi = {10.1073/pnas.0806251106}
}

@report{Charleston:2009,
    author = {Michael A. Charleston},
    year = {2009},
    title = {A New Likelihood Method for Cophylogenetic Analysis},
    type = {Technical Report},
    institution = {University of Sydney},
    url = {http://sydney.edu.au/engineering/it/research/tr/tr636.pdf}
}

@online{Heled:2010,
    author = {Joseph Heled},
    date = {2010-01-25},
    title = {The End of Lineage Sorting: {I}nferring Species Trees Using {*BEAST}},
    organization = {Phyloseminar},
    url = {http://phyloseminar.org/recorded.html}
}

@online{Lagergren:2010,
    author = {Jens Lagergren},
    date = {2010-03-29},
    title = {Probabilistic Analysis of Gene Families with Respect to Gene Duplication, Loss, and Transfer},
    organization = {Phyloseminar},
    url = {http://phyloseminar.org/recorded.html}
}

@inbook{Ronquist:2003,
    author = {Fredrik Ronquist},
    year = {2003},
    title = {Parsimony Analysis of Coevolving Species Associations},
    booktitle = {Tangled Trees: {P}hylogeny, Cospeciation, and Coevolution},
    editor = {Roderic D.M. Page},
    publisher = {University of Chicago Press},
    address = {Chicago, IL}
}